@Manual{turlach2013quadprog,
	title={quadprog: Functions to Solve Quadratic Programming Problems},
	author={Turlach, Berwin A and Weingessel, Andreas and Moler, Cleve},
	year = {2019},
	note = {R package version 1.5-8},
	url = {https://CRAN.R-project.org/package=quadprog},
}

@article{prive2017efficient,
	author = {Priv{\'e}, Florian and Aschard, Hugues and Ziyatdinov, Andrey and Blum, Michael G B},
	title = {Efficient analysis of large-scale genome-wide data with two {R} packages: bigstatsr and bigsnpr},
	journal = {Bioinformatics},
	volume = {34},
	number = {16},
	pages = {2781-2787},
	year = {2018},
	doi = {10.1093/bioinformatics/bty185},
	URL = {http://dx.doi.org/10.1093/bioinformatics/bty185},
	eprint = {/oup/backfile/content_public/journal/bioinformatics/34/16/10.1093_bioinformatics_bty185/1/bty185.pdf}
}

@article{arriaga2021summix,
	title={Summix: A method for detecting and adjusting for population structure in genetic summary data},
	author={Arriaga-MacKenzie, Ian S and Matesi, Gregory and Chen, Samuel and Ronco, Alexandria and Marker, Katie M and Hall, Jordan R and Scherenberg, Ryan and Khajeh-Sharafabadi, Mobin and Wu, Yinfei and Gignoux, Christopher R and others},
	journal={The American Journal of Human Genetics},
	year={2021},
	publisher={Elsevier}
}
